<record><leader>00000cas a22000007a 4500</leader><controlfield tag="001">10332982</controlfield><controlfield tag="008">840124d186u187utxuwr ne      0    0eng d</controlfield><datafield ind1=" " ind2=" " tag="010"><subfield code="a">sn 84022281 </subfield></datafield><datafield ind1=" " ind2=" " tag="040"><subfield code="a">NPX</subfield><subfield code="b">eng</subfield><subfield code="c">NPX</subfield><subfield code="d">PPM</subfield><subfield code="d">OCL</subfield><subfield code="d">PPM</subfield><subfield code="d">OCLCQ</subfield></datafield><datafield ind1=" " ind2=" " tag="019"><subfield code="a">14403080</subfield></datafield><datafield ind1=" " ind2=" " tag="042"><subfield code="a">msc</subfield></datafield><datafield ind1=" " ind2=" " tag="043"><subfield code="a">n-us-tx</subfield></datafield><datafield ind1="0" ind2="0" tag="245"><subfield code="a">Galveston weekly civilian.</subfield></datafield><datafield ind1="3" ind2="0" tag="246"><subfield code="a">Galveston civilian</subfield></datafield><datafield ind1=" " ind2=" " tag="250"><subfield code="a">[Weekly ed.].</subfield></datafield><datafield ind1=" " ind2=" " tag="260"><subfield code="a">Galveston, Tex. :</subfield><subfield code="b">H. Stuart &amp; Co.</subfield></datafield><datafield ind1=" " ind2=" " tag="300"><subfield code="a">v. :</subfield><subfield code="b">ill. ;</subfield><subfield code="c">59 cm.</subfield></datafield><datafield ind1=" " ind2=" " tag="310"><subfield code="a">Weekly</subfield></datafield><datafield ind1=" " ind2=" " tag="500"><subfield code="a">Weekly edition published on Monday; pub. on Thur. &lt;May 27, 1869-Apr. 27, 1871&gt;.</subfield></datafield><datafield ind1=" " ind2=" " tag="588"><subfield code="a">Description based on: Vol. 32, no. 2 (May 27, 1869).</subfield></datafield><datafield ind1=" " ind2=" " tag="752"><subfield code="a">United States</subfield><subfield code="b">Texas</subfield><subfield code="c">Galveston</subfield><subfield code="d">Galveston.</subfield></datafield><datafield ind1="0" ind2=" " tag="775"><subfield code="t">Galveston daily civilian</subfield><subfield code="w">(OCoLC)14403000</subfield></datafield><datafield ind1="0" ind2=" " tag="775"><subfield code="t">Galveston tri-weekly civilian</subfield><subfield code="w">(OCoLC)14403039</subfield></datafield><datafield ind1="0" ind2=" " tag="775"><subfield code="t">Galveston civilian (Galveston, Tex. : Daily)</subfield><subfield code="w">(DLC)sn 84022282</subfield></datafield><datafield ind1="0" ind2="0" tag="780"><subfield code="t">Civilian and gazette</subfield><subfield code="w">(DLC)sn 94056128</subfield></datafield><datafield ind1="1" ind2=" " tag="029"><subfield code="a">AU@</subfield><subfield code="b">000020410331</subfield></datafield></record>